[gd_scene load_steps=3 format=2]

[ext_resource path="res://scripts/ConnectionStatusLabel.gd" type="Script" id=1]
[ext_resource path="res://scripts/menus/JoinMenu.gd" type="Script" id=2]

[node name="JoinMenu" type="Control"]
anchor_right = 1.0
anchor_bottom = 1.0
script = ExtResource( 2 )
__meta__ = {
"_edit_use_anchors_": false
}

[node name="Panel" type="Panel" parent="."]
anchor_left = 0.5
anchor_top = 0.5
anchor_right = 0.5
anchor_bottom = 0.5
margin_left = -112.0
margin_top = -183.0
margin_right = 112.0
margin_bottom = 183.0
__meta__ = {
"_edit_use_anchors_": false
}

[node name="Menu" type="VBoxContainer" parent="Panel"]
anchor_right = 1.0
anchor_bottom = 1.0
margin_left = 15.0
margin_top = 15.0
margin_right = -15.0
margin_bottom = -15.0
__meta__ = {
"_edit_use_anchors_": false
}

[node name="Title" type="Label" parent="Panel/Menu"]
margin_right = 194.0
margin_bottom = 14.0
text = "Join server"
align = 1
__meta__ = {
"_edit_use_anchors_": false
}

[node name="HSeparator4" type="HSeparator" parent="Panel/Menu"]
margin_top = 18.0
margin_right = 194.0
margin_bottom = 22.0

[node name="NicknameLabel" type="Label" parent="Panel/Menu"]
margin_top = 26.0
margin_right = 194.0
margin_bottom = 40.0
text = "Nickname"
align = 1
__meta__ = {
"_edit_use_anchors_": false
}

[node name="Nickname" type="LineEdit" parent="Panel/Menu"]
margin_top = 44.0
margin_right = 194.0
margin_bottom = 68.0
text = "Player"
align = 1
max_length = 16
__meta__ = {
"_edit_use_anchors_": false
}

[node name="HSeparator2" type="HSeparator" parent="Panel/Menu"]
margin_top = 72.0
margin_right = 194.0
margin_bottom = 76.0

[node name="Color label" type="Label" parent="Panel/Menu"]
margin_top = 80.0
margin_right = 194.0
margin_bottom = 94.0
text = "Colors"
align = 1

[node name="PrimaryColor" type="ColorPickerButton" parent="Panel/Menu"]
margin_top = 98.0
margin_right = 194.0
margin_bottom = 118.0
color = Color( 0.054902, 0.360784, 0.686275, 1 )
__meta__ = {
"_edit_use_anchors_": false
}

[node name="SecondaryColor" type="ColorPickerButton" parent="Panel/Menu"]
margin_top = 122.0
margin_right = 194.0
margin_bottom = 142.0
color = Color( 0.345098, 0.0352941, 0.25098, 1 )
__meta__ = {
"_edit_use_anchors_": false
}

[node name="HSeparator3" type="HSeparator" parent="Panel/Menu"]
margin_top = 146.0
margin_right = 194.0
margin_bottom = 150.0

[node name="IpLabel" type="Label" parent="Panel/Menu"]
margin_top = 154.0
margin_right = 194.0
margin_bottom = 168.0
text = "Server IP"
align = 1
__meta__ = {
"_edit_use_anchors_": false
}

[node name="IsLocal" type="CheckBox" parent="Panel/Menu"]
margin_top = 172.0
margin_right = 194.0
margin_bottom = 196.0
text = "LAN game"

[node name="IP" type="LineEdit" parent="Panel/Menu"]
margin_top = 200.0
margin_right = 194.0
margin_bottom = 224.0
text = "127.0.0.1"
__meta__ = {
"_edit_use_anchors_": false
}

[node name="HSeparator" type="HSeparator" parent="Panel/Menu"]
margin_top = 228.0
margin_right = 194.0
margin_bottom = 232.0

[node name="Join button" type="Button" parent="Panel/Menu"]
margin_top = 236.0
margin_right = 194.0
margin_bottom = 256.0
text = "Join server"
__meta__ = {
"_edit_use_anchors_": false
}

[node name="Status" type="Label" parent="Panel/Menu"]
margin_top = 260.0
margin_right = 194.0
margin_bottom = 274.0
text = "Not connected"
align = 1
script = ExtResource( 1 )
__meta__ = {
"_edit_use_anchors_": false
}

[node name="Join timeout" type="Timer" parent="."]
wait_time = 5.0
one_shot = true
[connection signal="pressed" from="Panel/Menu/Join button" to="." method="_on_Join_button_pressed"]
